% This file was created with Citavi 5.3.1.0

@article{Cotera.2016,
 author = {Cotera, Pablo and Velazquez, Miguel and Cruz, David and Medina, Luis and Bandala, Manuel},
 year = {2016},
 title = {Indoor Robot Positioning Using an Enhanced Trilateration Algorithm},
 pages = {110},
 volume = {13},
 number = {3},
 issn = {1729-8814},
 journal = {International Journal of Advanced Robotic Systems},
 doi = {10.5772/63246}
}


